% Encoding: UTF-8
%-- introduction references
@article{biljecki2015applications,
  title={Applications of {3D} city models: State of the art review},
  author={Biljecki, Filip and Stoter, Jantien and Ledoux, Hugo and Zlatanova, Sisi and {\c{C}}{\"o}ltekin, Arzu},
  journal={ISPRS International Journal of Geo-Information},
  volume={4},
  number={4},
  pages={2842--2889},
  year={2015},
  publisher={Multidisciplinary Digital Publishing Institute}
}

@online{cityjson2017,
    author = {{3D geoinformation research group at TU Delft}},
    title = {{Welcome CityJSON version 1.0.0}},
    year = 2019,
    url = "https://3d.bk.tudelft.nl/news/2019/05/01/cityjson-v1-released.html",
    urldate = {2019-12-10}
}


@article{ledoux2019cityjson,
  title={{CityJSON: A compact and easy-to-use encoding of the CityGML data model}},
  author={Ledoux, H. and Ohori, K.A. and Kumar, K and Dukai, B. and Labetski, A. and Vitalis, S.},
  journal={Open Geospatial Data, Software and Standards},
  volume={4},
  number={1},
  pages={4},
  year={2019},
  publisher={SpringerOpen}
}

@Online{draco,
  author  = {Google},
  title   = {Draco {3D} data compression},
  year    = {2019},
  url     = {https://google.github.io/draco/},
  urldate = {2019-12-10},
}

@online{dracoperformance,
    author = {Google},
    title = {Draco {3D} data compression},
    year = 2019,
    url = "https://github.com/google/draco",
    urldate = {2019-12-10}
}

@online{cesiumdraco,
    author = {Cesium},
    title = {Draco Compressed Meshes with {glTF} and {3D} Tiles},
    year = 2018,
    url = "https://cesium.com/blog/2018/04/09/draco-compression/",
    urldate = {2019-12-10}
}


@article{huffman1952method,
  title={A method for the construction of minimum-redundancy codes},
  author={Huffman, David A},
  journal={Proceedings of the IRE},
  volume={40},
  number={9},
  pages={1098--1101},
  year={1952},
  publisher={IEEE}
}

@book{sayood2017introduction,
  title={Introduction to data compression},
  author={Sayood, Khalid},
  year={2017},
  publisher={Morgan Kaufmann}
}

@online{antirez,
    author = {Salvatore Sanfilippo},
    title = {smaz},
    year = 2019,
    url = "https://github.com/antirez/smaz",
    urldate = {2019-12-10}
}

@online{antirez2,
    author = {Salvatore Sanfilippo},
    title = {smaz},
    year = 2019,
    url = "https://github.com/antirez/smaz/blob/master/smaz.c",
    urldate = {2019-12-10}
}

@Online{bourke,
  author  = {P. Bourke},
  title   = {{RLE - Run Length Encoding}},
  year    = {1995},
  url     = {https://web.archive.org/web/20031020232320/http://astronomy.swin.edu.au/~pbourke/dataformats/rle/},
  urldate = {2019-12-10},
}


@online{zlib,
    author = {Antaeus Feldspar},
    title = {An Explanation of the Deflate Algorithm},
    year = 1997,
    url = "http://www.zlib.net/feldspar.html",
    urldate = {2019-12-10}
}



@online{cjio,
    author = {{3D geoinformation research group at TU Delft}},
    title = {{CityJSON/io: Python CLI to process and manipulate CityJSON files}},
    year = 2019,
    url = "https://github.com/cityjson/cjio",
    urldate = {2019-12-14}
}

@online{3dfier,
    author = {{3D geoinformation research group at TU Delft}},
    title = {{General 3dfier tutorial to generate LOD1 models}},
    year = 2019,
    url = "https://github.com/tudelft3d/3dfier/wiki/General-3dfier-tutorial-to-generate-LOD1-models",
    urldate = {2019-12-14}
}

@online{harpgl,
    author = {{HERE}},
    title = {harp.gl: 3d web map rendering engine},
    year = 2019,
    url = "https://www.harp.gl/",
    urldate = {2019-12-14}
}

@inproceedings{rossignac20013d,
  title={{3D compression made simple: Edgebreaker with ZipandWrap on a corner-table}},
  author={Rossignac, Jarek},
  booktitle={Proceedings International Conference on Shape Modeling and Applications},
  pages={278--283},
  year={2001},
  organization={IEEE}
}

@online{json,
    title = {{Introducing JSON}},
    author = {{Introducing JSON}},
    year = 2019,
    url = "https://www.json.org/json-en.html",
    urldate = {2019-12-15}
}

@Online{bson,
  author  = {{BSON}},
  title   = {{BSON homepage}},
  year    = {2019},
  url     = {http://bsonspec.org/},
  urldate = {2019-12-13},
}

@Online{ogcapi,
  author  = {{Open Geospatial Consortium}},
  title   = {{OGC API - Features}},
  year    = {2019},
  url     = {https://www.opengeospatial.org/standards/ogcapi-features},
  urldate = {2019-12-13},
}

@Online{dracospec,
  author  = {Frank Galligan},
  title   = {{Draco Bitstream Specification}},
  year    = {2019},
  url     = {https://google.github.io/draco/spec/},
  urldate = {2019-12-14},
}

@online{linfo,
    author = {{The Linux Information Project}},
    title = {{Binary File Definition}},
    year = 2006,
    url = "http://www.linfo.org/binary_file.html",
    urldate = {2019-12-14}
}

@online{uom,
    author = {{University of Maryland Departmeny of Computer Science}},
    title = {{Ascii vs. Binary Files}},
    year = 2003,
    url = "https://web.archive.org/web/20170601192752/https://www.cs.umd.edu/class/sum2003/cmsc311/Notes/BitOp/asciiBin.html",
    urldate = {2019-12-10}
}

@incollection{rossignac2003edgebreaker,
  title={Edgebreaker on a Corner Table: A simple technique for representing and compressing triangulated surfaces},
  author={Rossignac, Jarek and Safonova, Alla and Szymczak, Andrzej},
  booktitle={Hierarchical and geometrical methods in scientific visualization},
  pages={41--50},
  year={2003},
  publisher={Springer}
}

@online{gislounge,
    author = {Caitlin Dempsey},
    title = {{Web-based GIS}},
    year = 2018,
    url = "https://www.gislounge.com/web-based-gis/",
    urldate = {2019-12-15}
}

@Article{random3dcity,
  author  = {Biljecki, Filip and Ledoux, Hugo and Stoter, Jantien},
  title   = {Generation of {multi-LOD 3D} city models in {CityGML} with the procedural modelling engine {Random3Dcity}},
  journal = {ISPRS Ann. Photogramm. Remote Sens. Spatial Inf. Sci.},
  year    = {2016},
  pages   = {51--59},
  doi     = {10.5194/isprs-annals-IV-4-W1-51-2016},
  file    = {isprs-annals-IV-4-W1-51-2016.pdf:http\://www.isprs-ann-photogramm-remote-sens-spatial-inf-sci.net/IV-4-W1/51/2016/isprs-annals-IV-4-W1-51-2016.pdf:PDF},
  vol     = {IV-4/W1},
}

@online{3dtiles,
    author = {{Analytical Graphics, Inc.}},
    title = {{3D Tiles Format Specification}},
    year = 2018,
    url = "https://github.com/AnalyticalGraphicsInc/3d-tiles/tree/master/specification#spatial-data-structures",
    urldate = {2020-01-19}
}

@online{b3dm,
    author = {{Analytical Graphics, Inc.}},
    title = {{Batched 3D Model}},
    year = 2019,
    url = "https://github.com/AnalyticalGraphicsInc/3d-tiles/blob/master/specification/TileFormats/Batched3DModel/README.md",
    urldate = {2020-01-5}
}

@InProceedings{fan2014cuckoo,
  author    = {Fan, Bin and Andersen, Dave G and Kaminsky, Michael and Mitzenmacher, Michael D},
  title     = {Cuckoo filter: Practically better than bloom},
  booktitle = {Proceedings of the 10th ACM International on Conference on emerging Networking Experiments and Technologies},
  year      = {2014},
  pages     = {75--88},
}

@Article{taubin1998geometry,
  author    = {Taubin, Gabriel and Horn, William P and Lazarus, Francis and Rossignac, Jarek},
  title     = {Geometry coding and VRML},
  journal   = {Proceedings of the IEEE},
  year      = {1998},
  volume    = {86},
  number    = {6},
  pages     = {1228--1243},
  publisher = {IEEE},
}

@InProceedings{deering1995geometry,
  author    = {Deering, Michael},
  title     = {Geometry compression},
  booktitle = {Proceedings of the 22nd annual conference on Computer graphics and interactive techniques},
  year      = {1995},
  pages     = {13--20},
}

@Book{mackay2003information,
  author    = {MacKay, David JC and Mac Kay, David JC},
  title     = {Information theory, inference and learning algorithms},
  year      = {2003},
  publisher = {Cambridge university press},
}

@inproceedings{gotsman-touma-gi98,
 title = {Triangle Mesh Compression},
 author = {Costa Touma and Craig Gotsman},
 booktitle ={Proceedings of the Graphics Interface 1998 Conference, June 18-20, 1998, Vancouver, BC, Canada},
 year = {1998},
 month = {June},
 pages = {26--34},
 url = {http://graphicsinterface.org/wp-content/uploads/gi1998-4.pdf}
}

@misc{suel2019delta,
  title={Delta Compression Techniques.},
  author={Suel, Torsten},
  year={2019}
}

@Online{i3sspecs,
  author = {Esri},
  title  = {{Esri Indexed 3d Scene Layer (I3S) and Scene Layer Package (*.slpk) Format Specification}},
  year   = {2019},
  date   = {2019-06-30},
  url    = {https://github.com/Esri/i3s-spec/blob/master/format/Indexed%203d%20Scene%20Layer%20Format%20Specification.md},
}

@Online{i3sspecsmain,
  author = {Esri},
  title  = {{Scene Layers: Service and Package Standard}},
  year   = {2019},
  url    = {https://github.com/Esri/i3s-spec},
}

@Online{Cesium2020,
  author = {Cesium},
  title  = {{3D Tiles Overview}},
  year   = {2020},
  date   = {2020-03-12},
  url    = {https://github.com/CesiumGS/3d-tiles/blob/master/3d-tiles-overview.pdf},
}

@Online{nlohmann,
  author = {Niels Lohmann},
  title  = {{JSON for Modern C++}},
  year   = {2020},
  url    = {https://github.com/nlohmann/json},
}

@Online{Zderadicka2017,
  author = {Ivanovo Zderadicka},
  title  = {Comparison of JSON Like Serializations â€“ JSON vs UBJSON vs MessagePack vs CBOR},
  year   = {2017},
  date   = {2017-02-27},
  url    = {http://zderadicka.eu/comparison-of-json-like-serializations-json-vs-ubjson-vs-messagepack-vs-cbor/},
}

@Online{dracopredictive,
  author = {Google},
  title  = {Mesh edgebreaker traversal predictive encoder},
  year   = {2020},
  date   = {2020-03-03},
  url    = {https://github.com/google/draco/blob/master/src/draco/compression/mesh/mesh_edgebreaker_traversal_predictive_encoder.h},
}

@Online{cityjsonspecs,
  author = {CityJSON},
  title  = {CityJSON Specifications 1.0.1},
  year   = {2019},
  date   = {2019-07-12},
  url    = {https://www.cityjson.org/specs/1.0.1/},
}

@Online{UBJSON2020,
  author = {UBJSON},
  title  = {Universal Binary JSON Specification: The universally compatible format specification for binary JSON.},
  year   = {2020},
  url    = {http://ubjson.org/},
}

@Online{Ledoux2020,
  author = {Ledoux, Hugo},
  title  = {{CityJSON + RESTful access + streaming}},
  year   = {2020},
  url    = {https://github.com/hugoledoux/cityjson_ogcapi/blob/master/best-practice.md},
}

@Online{OGC2020,
  author = {{OGC API}},
  title  = {{Welcome To The OGC APIs}},
  year   = {2020},
  url    = {http://www.ogcapi.org/},
}

@Online{Consortium2020,
  author = {{Open Geospatial Consortium}},
  title  = {{OGC API - Features}},
  year   = {2020},
  url    = {https://github.com/opengeospatial/ogcapi-features},
}

@Online{Consortium2019,
  author = {{Open Geospatial Consortium}},
  title  = {{OGC API - Features, an overview}},
  year   = {2019},
  url    = {https://github.com/opengeospatial/ogcapi-features/blob/master/overview.md},
}

@Online{OGC2019,
  author = {{Open Geospatial Consortium}},
  title  = {{OGC API - Features - Part 1: Core}},
  year   = {2019},
  date   = {2019-11-07},
  url    = {http://docs.opengeospatial.org/is/17-069r3/17-069r3.html#_items_},
}

@Online{collada,
  author = {{{Khronos Group}}},
  title  = {{{COLLADA Overview}}},
  year   = {2020},
  date   = {2020-01-09},
  url    = {https://www.khronos.org/collada/},
}

@Online{cityjsondatasets,
  author  = {CityJSON},
  title   = {Datasets},
  year    = {2020},
  url     = {https://www.cityjson.org/datasets/},
  urldate = {2020-05-17},
}

@Online{cborurl,
  author  = {{CBOR}},
  title   = {{CBOR. RFC 7049 Concise Binary Object Representation}},
  year    = {2019},
  url     = {https://cbor.io/},
  urldate = {2020-05-17},
}

@Online{cborspecs,
  author  = {{CBOR}},
  title   = {{Concise Binary Object Representation (CBOR)}},
  year    = {2013},
  url     = {https://tools.ietf.org/html/rfc7049},
  urldate = {2020-05-17},
}

@article{ceus_inferring_heights,
    author = {Biljecki, Filip and Ledoux, Hugo and Stoter, Jantien},
    title = {{Generating 3D city models without elevation data}},
    journal = {Computers, Environment and Urban Systems},
    year = {2017},
    volume = {64},
    pages = {1--18},
    month = jul,
    doi = {10.1016/j.compenvurbsys.2017.01.001}
}

@Online{Mozilla2020,
  author  = {{Mozilla}},
  title   = {{Base64}},
  year    = {2020},
  date    = {2020-02-25},
  url     = {https://developer.mozilla.org/en-US/docs/Glossary/Base64},
  urldate = {2020-05-17},
}

@Misc{Ledoux2019,
  author       = {Ledoux, Hugo},
  title        = {{TU Delft campus dataset created with 3dfier}},
  year         = {2019},
  howpublished = {private communication},
  urldate      = {2019-11-20},
}

@Online{MunicipalityRotterdam2020,
  author = {{Municipality of Rotterdam}},
  title  = {{Rotterdam multi-LoDs CityGML buildings}},
  year   = {2020},
  date   = {2020-05-18},
  url    = {https://3d.bk.tudelft.nl/projects/geobim-benchmark/rotterdamlod12.html},
}

@Online{Dcoetzee2007,
  author = {Dcoetzee},
  title  = {{File:Huffman tree.svg}},
  year   = {2007},
  url    = {https://commons.wikimedia.org/wiki/File:Huffman_tree.svg},
}

@Online{Boersma2019,
  author = {Boersma, Freek},
  title  = {{Online viewer for CityJSON files.}},
  year   = {2019},
  url    = {https://github.com/fhb1990/CityJSON-viewer},
}

@Online{CityJSON2020,
  author = {{CityJSON}},
  title  = {{A web viewer for CityJSON files}},
  year   = {2020},
  url    = {https://github.com/cityjson/ninja},
}

@Online{Flask2020,
  author  = {Flask},
  title   = {{Flask - web development, one drop at a time}},
  year    = {2020},
  url     = {https://flask.palletsprojects.com/en/1.1.x/},
  urldate = {2020-05-20},
}

@Online{Three.js2020,
  author  = {{Three.js}},
  title   = {three.js},
  year    = {2020},
  url     = {https://threejs.org/},
  urldate = {2020-05-20},
}

@Online{TUM2020,
  author  = {{Technische UniversitÃ¤t MÃ¼nchen}},
  title   = {3DCityDB Database},
  year    = {2020},
  url     = {https://www.3dcitydb.org/3dcitydb/},
  urldate = {2020-05-20},
}

@Online{Selenium2020,
  author  = {Selenium},
  title   = {{Selenium Projects}},
  year    = {2020},
  url     = {https://www.selenium.dev/projects/},
  urldate = {2020-05-20},
}

@Online{Cable2019,
  author  = {Cable},
  title   = {{Worldwide broadband speed league 2019}},
  year    = {2019},
  url     = {https://www.cable.co.uk/broadband/speed/worldwide-speed-league/},
  urldate = {2020-05-20},
}

@Online{KeyCDN2018,
  author  = {{KeyCDN}},
  title   = {What Is Latency and How to Reduce It},
  year    = {2018},
  date    = {2018-10-04},
  url     = {https://www.keycdn.com/support/what-is-latency},
  urldate = {2020-05-20},
}

@Online{Mango2017,
  author  = {Mango},
  title   = {Web GIS},
  year    = {2017},
  url     = {https://mangomap.com/web-gis},
  urldate = {2020-05-20},
}

@Online{CBOR2020,
  author  = {{CBOR}},
  title   = {Implementations},
  year    = {2020},
  url     = {https://cbor.io/impls.html},
  urldate = {2020-05-20},
}

@Online{,
}

@Online{zlib2020,
  author  = {{zlib}},
  title   = {{zlib - A Massively Spiffy Yet Delicately Unobtrusive Compression Library}},
  year    = {2020},
  url     = {https://zlib.net/},
  urldate = {2020-05-20},
}

@Online{Google2020,
  author  = {Google},
  title   = {{Draco C++ decoder API}},
  year    = {2020},
  url     = {https://github.com/google/draco/blob/master/src/draco/mesh/mesh.h},
  urldate = {2020-05-20},
}

@Online{Google2020a,
  author  = {Google},
  title   = {{Draco JavaScript decoder API}},
  year    = {2020},
  url     = {https://github.com/google/draco/blob/master/src/draco/javascript/emscripten/draco_web_decoder.idl},
  urldate = {2020-05-20},
}

@Online{Yura2016,
  author  = {Yura, Sokolov},
  title   = {{CBOR bindings for Python with (at the moment) simple streaming interface }},
  year    = {2016},
  url     = {https://github.com/funny-falcon/flunn},
  urldate = {2020-05-20},
}

@Online{Hildebrand2020,
  author  = {Hildebrand, Joe},
  title   = {{Encode and decode CBOR documents, with both easy mode, streaming mode, and SAX-style evented mode.}},
  year    = {2020},
  url     = {https://github.com/hildjj/node-cbor},
  urldate = {2020-05-20},
}

@Online{Dehpour2020,
  author  = {Dehpour, Sep},
  title   = {{Deep Difference and search of any Python object/data.}},
  year    = {2020},
  url     = {https://github.com/seperman/deepdiff},
  urldate = {2020-05-20},
}

@Online{Socket.io2020,
  author  = {{Socket.io}},
  title   = {SOCKET.IO 2.0 IS HERE},
  year    = {2020},
  url     = {https://socket.io/},
  urldate = {2020-05-20},
}

@Online{Google2018,
  author  = {Google},
  title   = {{mesh\_prediction\_scheme\_parallelogram\_encoder.h}},
  year    = {2018},
  url     = {https://github.com/google/draco/blob/master/src/draco/compression/attributes/prediction_schemes/mesh_prediction_scheme_parallelogram_encoder.h},
  urldate = {2020-05-20},
}

@Online{Google2019,
  author  = {Google},
  title   = {mesh\_sequential\_encoder.h},
  year    = {2019},
  url     = {https://github.com/google/draco/blob/master/src/draco/compression/mesh/mesh_sequential_encoder.h},
  urldate = {2020-05-20},
}

@Online{WebGL2011,
  author  = {{WebGL}},
  title   = {{Getting Started}},
  year    = {2011},
  url     = {https://www.khronos.org/webgl/wiki/Getting_Started},
  urldate = {2020-05-20},
}

@Online{Three.js2020a,
  author  = {{Three.js}},
  title   = {Mesh},
  year    = {2020},
  url     = {https://threejs.org/docs/#api/en/objects/Mesh},
  urldate = {2020-05-20},
}

@Online{Three.js2020b,
  author  = {{Three.js}},
  title   = {{BufferGeometry}},
  year    = {2020},
  url     = {https://threejs.org/docs/#api/en/core/BufferGeometry},
  urldate = {2020-05-20},
}

@Online{TransIP,
  author  = {{TransIP}},
  title   = {{Wat is een REST API?}},
  url     = {https://www.transip.nl/knowledgebase/artikel/2997-wat-is-een-rest-api/},
  urldate = {2020-05-20},
}

@Online{Fielding2000,
  author  = {Fielding, Roy Thomas},
  title   = {{Representational State Transfer (REST)}},
  year    = {2000},
  url     = {https://www.ics.uci.edu/~fielding/pubs/dissertation/rest_arch_style.htm},
  urldate = {2020-05-20},
}

@Online{,
}

@Online{Reddy,
  author  = {Reddy, Martin},
  title   = {{Object Files (.obj)}},
  url     = {http://www.martinreddy.net/gfx/3d/OBJ.spec},
  urldate = {2020-05-20},
}

@Online{MessagePack2019,
  author  = {{MessagePack}},
  title   = {{MessagePack}},
  year    = {2019},
  url     = {https://msgpack.org/},
  urldate = {2020-05-20},
}

@Online{GeoJSON,
  author  = {{GeoJSON}},
  title   = {{GeoJSON}},
  url     = {https://geojson.org/},
  urldate = {2020-05-20},
}

@Online{KhronosGroup2019,
  author = {{Khronos Group}},
  title  = {gltfOverview-2.0.0b.png},
  year   = {2019},
  url    = {https://raw.githubusercontent.com/KhronosGroup/glTF/master/specification/2.0/figures/gltfOverview-2.0.0b.png},
}

@Online{MongoDB2020,
  author = {{MongoDB}},
  title  = {{The database for modern applications}},
  year   = {2020},
  url    = {https://www.mongodb.com/},
}

@Online{Shapely2020,
  author = {{Shapely}},
  title  = {{The Shapely User Manual}},
  year   = {2020},
  url    = {https://shapely.readthedocs.io/en/latest/manual.html},
}

@Online{Turf.js2020,
  author = {{Turf.js}},
  title  = {{Welcome to Turf.js}},
  year   = {2020},
  url    = {https://turfjs.org/},
}

@Online{Proj4js2020,
  author = {{Proj4js}},
  title  = {{Proj4js: JavaScript library to transform coordinates from one coordinate system to another, including datum transformations}},
  year   = {2020},
  url    = {http://proj4js.org/},
}

@Online{Muthukadan2020,
  author = {Muthukadan, Baiju},
  title  = {{Selenium with Python}},
  year   = {2020},
  url    = {https://selenium-python.readthedocs.io/installation.html#introduction},
}

@Online{citygml,
  author = {{Open Geospatial Consortium}},
  title  = {{CityGML}},
  url    = {https://www.ogc.org/standards/citygml},
}

@Comment{jabref-meta: databaseType:biblatex;}
